<?xml version="1.0" encoding="UTF-8"?><collection xmlns="http://www.loc.gov/MARC21/slim"><record><leader>00433nam--2200133-i-4500</leader><controlfield tag="001">000039217</controlfield><controlfield tag="002">20161230</controlfield><controlfield tag="005">20161230201042</controlfield><controlfield tag="008">060222s1000------------r-----000-0-eng-d</controlfield><datafield ind1=" " ind2=" " tag="080"><subfield code="a">537.312.62(043)</subfield></datafield><datafield ind1=" " ind2=" " tag="100"><subfield code="a">Robin, Dominique</subfield></datafield><datafield ind1=" " ind2=" " tag="245"><subfield code="a">Destruction de la supraconductivite de type i par un courant: le role de l`etat mixte a une et a deux dimensions. these</subfield></datafield><datafield ind1=" " ind2=" " tag="260"><subfield code="a">Lausanne, Univ.De Lausanne, 1982, /331-382/P</subfield></datafield><datafield ind1=" " ind2=" " tag="852"><subfield code="a">74766</subfield></datafield></record></collection>